@misc{website:usptoms, 
  title = "Milestones in U.S. Patenting", 
  url = "https://www.uspto.gov/patents/milestones",
  author = "The United States Patent and Trademark Office",
  year = "2023"
} 

@misc{website:usptoacc, 
  title = "Update to the Patent Examination Research Dataset (PatEx) now available", 
  url = "https://www.uspto.gov/subscription-center/2023/update-patent-examination-research-dataset-patex-now-available",
  author = "The United States Patent and Trademark Office",
  year = "2023",
  month = "Oct"
} 

@misc{website:patent1, 
  title = "Method for the Preparation of Hexahydro-furo-[2,3-B]furan-3-ol", 
  url = "https://image-ppubs.uspto.gov/dirsearch-public/print/downloadPdf/7126015",
  author = "Bart Rudolf Romanie Kesteleyn Berlare (BE); Dominique Louis Nestor Surlereaux,Machelen (BE); Peter Jan Leonard Mario Quaedflieg Waalre (NL)",
  year = "U.S. Patent 7 126 015, Oct. 2006"
} 

@misc{website:aipla, 
  title = "AIPLA 2019 Report of the Economic Survey", 
  url = "https://ipwatchdog.com/wp-content/uploads/2021/08/AIPLA-Report-of-the-Economic-Survey-Relevant-Excerpts.pdf",
  author = "American Intellectual Property Law Association",
  year = "2019"
} 

@misc{website:nbsd, 
  title = "The Emerging Clusters Model: A tool for identifying emerging technologies across multiple patent systems", 
  url = "https://www.sciencedirect.com/science/article/pii/S0048733314001103",
  author = "Anthony Breitzman, Patrick Thomas",
  year = "2015",
  month = "Feb"
} 

@misc{website:nbsd2, 
  title = "Parameter tuning Na√Øve Bayes for automatic patent classification", 
  url = "https://www.sciencedirect.com/science/article/abs/pii/S0172219019300754#:~:text=Na%C3%AFve%20Bayes%20in%20detail&text=In%20text%20classification%2C%20Bayes'%20Theorem,to%20word%20position%20or%20interdependence.",
  author = "Caitlin Cassidy",
  year = "2020",
  month = "Jun"
}
  
@misc{website:nbsd3, 
  title = "A survey on deep learning for patent analysis", 
  url = "https://www.sciencedirect.com/science/article/abs/pii/S017221902100017X",
  author = "Ralf Krestel; Renukswamy Chikkamath;  Christoph Hewel; Julian Risch",
  year = "2021",
  month = "Jun"
}
  
@misc{website:pv1, 
  title = "API Endpoints", 
  url = "https://patentsview.org/apis/api-endpoints",
  author = "USPTO PatentsView"
}

@misc{website:pv2, 
  title = "API Query Language", 
  url = "https://patentsview.org/apis/api-query-language",
  author = "USPTO PatentsView"
}

@misc{article:kamateri,
      title={Automated Single-Label Patent Classification using Ensemble Classifiers}, 
      author={Eleni Kamateri and Vasileios Stamatis and Konstantinos Diamantaras and Michail Salampasis},
      year={2022},
      eprint={2203.03552},
      archivePrefix={arXiv},
      primaryClass={cs.IR}
}


